<record><leader>00000cas a2200000 i 4500</leader><controlfield tag="001">11176039</controlfield><controlfield tag="008">840920d18711991inuwr ne      0    0eng c</controlfield><datafield ind1=" " ind2=" " tag="010"><subfield code="a">sn 84027506 </subfield></datafield><datafield ind1=" " ind2=" " tag="040"><subfield code="a">NPU</subfield><subfield code="b">eng</subfield><subfield code="e">rda</subfield><subfield code="c">NPU</subfield><subfield code="d">NPI</subfield><subfield code="d">NPU</subfield><subfield code="d">NPI</subfield><subfield code="d">NVF</subfield><subfield code="d">NPI</subfield><subfield code="d">IUL</subfield><subfield code="d">OCLCF</subfield></datafield><datafield ind1=" " ind2=" " tag="042"><subfield code="a">pcc</subfield></datafield><datafield ind1=" " ind2=" " tag="043"><subfield code="a">n-us-in</subfield></datafield><datafield ind1="0" ind2=" " tag="130"><subfield code="a">Crawford County Democrat (Leavenworth, Ind.)</subfield></datafield><datafield ind1="1" ind2="0" tag="245"><subfield code="a">Crawford County Democrat.</subfield></datafield><datafield ind1=" " ind2="1" tag="264"><subfield code="a">Leavenworth, Ind. :</subfield><subfield code="b">VanZandt &amp; Ryan,</subfield><subfield code="c">1871-1991.</subfield></datafield><datafield ind1=" " ind2=" " tag="300"><subfield code="a">113 volumes :</subfield><subfield code="b">illustrations ;</subfield><subfield code="c">58-61 cm</subfield></datafield><datafield ind1=" " ind2=" " tag="310"><subfield code="a">Weekly</subfield></datafield><datafield ind1=" " ind2=" " tag="336"><subfield code="a">text</subfield><subfield code="b">txt</subfield><subfield code="2">rdacontent</subfield></datafield><datafield ind1=" " ind2=" " tag="337"><subfield code="a">unmediated</subfield><subfield code="b">n</subfield><subfield code="2">rdamedia</subfield></datafield><datafield ind1=" " ind2=" " tag="338"><subfield code="a">volume</subfield><subfield code="b">nc</subfield><subfield code="2">rdacarrier</subfield></datafield><datafield ind1="0" ind2=" " tag="362"><subfield code="a">Volume 1, number 1 (July 13, 1871)-v. 113, no. 14 (Dec. 27, 1991).</subfield></datafield><datafield ind1=" " ind2=" " tag="500"><subfield code="a">Published in English, Ind., 1897-1991.</subfield></datafield><datafield ind1=" " ind2=" " tag="500"><subfield code="a">Includes small special "Fire Edition" (Nov. 17, 1890; misdated Oct. 17, 1890 on some pages).</subfield></datafield><datafield ind1=" " ind2="0" tag="651"><subfield code="a">Leavenworth (Ind.)</subfield><subfield code="v">Newspapers.</subfield></datafield><datafield ind1=" " ind2="0" tag="651"><subfield code="a">English (Ind.)</subfield><subfield code="v">Newspapers.</subfield></datafield><datafield ind1=" " ind2="0" tag="651"><subfield code="a">Crawford County (Ind.)</subfield><subfield code="v">Newspapers.</subfield></datafield><datafield ind1=" " ind2="7" tag="651"><subfield code="a">Indiana</subfield><subfield code="z">Crawford County.</subfield><subfield code="2">fast</subfield><subfield code="0">(OCoLC)fst01212581</subfield></datafield><datafield ind1=" " ind2="7" tag="651"><subfield code="a">Indiana</subfield><subfield code="z">English.</subfield><subfield code="2">fast</subfield><subfield code="0">(OCoLC)fst01257082</subfield></datafield><datafield ind1=" " ind2="7" tag="651"><subfield code="a">Indiana</subfield><subfield code="z">Leavenworth.</subfield><subfield code="2">fast</subfield><subfield code="0">(OCoLC)fst01257398</subfield></datafield><datafield ind1=" " ind2="7" tag="655"><subfield code="a">Newspapers.</subfield><subfield code="2">fast</subfield><subfield code="0">(OCoLC)fst01423814</subfield></datafield><datafield ind1=" " ind2=" " tag="752"><subfield code="a">United States</subfield><subfield code="b">Indiana</subfield><subfield code="c">Crawford</subfield><subfield code="d">Leavenworth.</subfield></datafield><datafield ind1=" " ind2=" " tag="752"><subfield code="a">United States</subfield><subfield code="b">Indiana</subfield><subfield code="c">Crawford</subfield><subfield code="d">English.</subfield></datafield><datafield ind1="0" ind2="7" tag="785"><subfield code="t">Clarion (Milltown, Ind.)</subfield><subfield code="w">(DLC)sn 85047972</subfield><subfield code="w">(OCoLC)12198922</subfield></datafield><datafield ind1="0" ind2="7" tag="785"><subfield code="t">News-messenger (English, Ind.)</subfield><subfield code="w">(DLC)sn 85047967</subfield><subfield code="w">(OCoLC)12198004</subfield></datafield><datafield ind1="0" ind2="7" tag="785"><subfield code="t">Clarion news (Corydon, Ind.)</subfield><subfield code="w">(DLC)sn 93049023</subfield><subfield code="w">(OCoLC)29431225</subfield></datafield><datafield ind1="4" ind2="1" tag="856"><subfield code="u">https://access.newspaperarchive.com/us/indiana/leavenworth/leavenworth-crawford-county-democrat</subfield></datafield><datafield ind1="4" ind2="1" tag="856"><subfield code="u">https://access.newspaperarchive.com/us/indiana/english/english-crawford-county-democrat</subfield></datafield></record>